%YAML 1.1
%TAG !u! tag:unity3d.com,2011:
--- !u!1 &8235107076907916914
GameObject:
  m_ObjectHideFlags: 0
  m_CorrespondingSourceObject: {fileID: 0}
  m_PrefabInstance: {fileID: 0}
  m_PrefabAsset: {fileID: 0}
  serializedVersion: 6
  m_Component:
  - component: {fileID: 8047725076136084586}
  - component: {fileID: 6356586209758863680}
  - component: {fileID: 4463782740372136448}
  - component: {fileID: 3346281973457752404}
  m_Layer: 0
  m_Name: BonusCoins
  m_TagString: Untagged
  m_Icon: {fileID: 0}
  m_NavMeshLayer: 0
  m_StaticEditorFlags: 0
  m_IsActive: 1
--- !u!4 &8047725076136084586
Transform:
  m_ObjectHideFlags: 0
  m_CorrespondingSourceObject: {fileID: 0}
  m_PrefabInstance: {fileID: 0}
  m_PrefabAsset: {fileID: 0}
  m_GameObject: {fileID: 8235107076907916914}
  m_LocalRotation: {x: 0, y: 0, z: 0, w: 1}
  m_LocalPosition: {x: 0, y: 1.16, z: 0}
  m_LocalScale: {x: 1, y: 1, z: 1}
  m_Children:
  - {fileID: 7514296775407844705}
  m_Father: {fileID: 0}
  m_RootOrder: 0
  m_LocalEulerAnglesHint: {x: 0, y: 0, z: 0}
--- !u!54 &6356586209758863680
Rigidbody:
  m_ObjectHideFlags: 0
  m_CorrespondingSourceObject: {fileID: 0}
  m_PrefabInstance: {fileID: 0}
  m_PrefabAsset: {fileID: 0}
  m_GameObject: {fileID: 8235107076907916914}
  serializedVersion: 2
  m_Mass: 1
  m_Drag: 0
  m_AngularDrag: 0.05
  m_UseGravity: 1
  m_IsKinematic: 1
  m_Interpolate: 0
  m_Constraints: 0
  m_CollisionDetection: 0
--- !u!135 &4463782740372136448
SphereCollider:
  m_ObjectHideFlags: 0
  m_CorrespondingSourceObject: {fileID: 0}
  m_PrefabInstance: {fileID: 0}
  m_PrefabAsset: {fileID: 0}
  m_GameObject: {fileID: 8235107076907916914}
  m_Material: {fileID: 0}
  m_IsTrigger: 1
  m_Enabled: 1
  serializedVersion: 2
  m_Radius: 0.56
  m_Center: {x: 0, y: 0.76, z: 0}
--- !u!114 &3346281973457752404
MonoBehaviour:
  m_ObjectHideFlags: 0
  m_CorrespondingSourceObject: {fileID: 0}
  m_PrefabInstance: {fileID: 0}
  m_PrefabAsset: {fileID: 0}
  m_GameObject: {fileID: 8235107076907916914}
  m_Enabled: 1
  m_EditorHideFlags: 0
  m_Script: {fileID: 11500000, guid: e237e92d0003dc14c864a8d17e994796, type: 3}
  m_Name: 
  m_EditorClassIdentifier: 
  gold: 1
--- !u!1001 &7514296775407708129
PrefabInstance:
  m_ObjectHideFlags: 0
  serializedVersion: 2
  m_Modification:
    m_TransformParent: {fileID: 8047725076136084586}
    m_Modifications:
    - target: {fileID: 100000, guid: 104e713f80e5c214193f8f9a264edc89, type: 3}
      propertyPath: m_Name
      value: Props_coin1
      objectReference: {fileID: 0}
    - target: {fileID: 400000, guid: 104e713f80e5c214193f8f9a264edc89, type: 3}
      propertyPath: m_LocalPosition.x
      value: 0
      objectReference: {fileID: 0}
    - target: {fileID: 400000, guid: 104e713f80e5c214193f8f9a264edc89, type: 3}
      propertyPath: m_LocalPosition.y
      value: 0.58
      objectReference: {fileID: 0}
    - target: {fileID: 400000, guid: 104e713f80e5c214193f8f9a264edc89, type: 3}
      propertyPath: m_LocalPosition.z
      value: 0
      objectReference: {fileID: 0}
    - target: {fileID: 400000, guid: 104e713f80e5c214193f8f9a264edc89, type: 3}
      propertyPath: m_LocalRotation.x
      value: 0.000000021855694
      objectReference: {fileID: 0}
    - target: {fileID: 400000, guid: 104e713f80e5c214193f8f9a264edc89, type: 3}
      propertyPath: m_LocalRotation.y
      value: -0
      objectReference: {fileID: 0}
    - target: {fileID: 400000, guid: 104e713f80e5c214193f8f9a264edc89, type: 3}
      propertyPath: m_LocalRotation.z
      value: -0
      objectReference: {fileID: 0}
    - target: {fileID: 400000, guid: 104e713f80e5c214193f8f9a264edc89, type: 3}
      propertyPath: m_LocalRotation.w
      value: 1
      objectReference: {fileID: 0}
    - target: {fileID: 400000, guid: 104e713f80e5c214193f8f9a264edc89, type: 3}
      propertyPath: m_RootOrder
      value: 0
      objectReference: {fileID: 0}
    - target: {fileID: 400000, guid: 104e713f80e5c214193f8f9a264edc89, type: 3}
      propertyPath: m_LocalEulerAnglesHint.x
      value: 0
      objectReference: {fileID: 0}
    - target: {fileID: 400000, guid: 104e713f80e5c214193f8f9a264edc89, type: 3}
      propertyPath: m_LocalEulerAnglesHint.y
      value: 0
      objectReference: {fileID: 0}
    - target: {fileID: 400000, guid: 104e713f80e5c214193f8f9a264edc89, type: 3}
      propertyPath: m_LocalEulerAnglesHint.z
      value: 0
      objectReference: {fileID: 0}
    - target: {fileID: 2300000, guid: 104e713f80e5c214193f8f9a264edc89, type: 3}
      propertyPath: m_Materials.Array.data[0]
      value: 
      objectReference: {fileID: 2100000, guid: a658c57e8b40e2f488667c3159a240c9, type: 2}
    m_RemovedComponents: []
  m_SourcePrefab: {fileID: 100100000, guid: 104e713f80e5c214193f8f9a264edc89, type: 3}
--- !u!4 &7514296775407844705 stripped
Transform:
  m_CorrespondingSourceObject: {fileID: 400000, guid: 104e713f80e5c214193f8f9a264edc89,
    type: 3}
  m_PrefabInstance: {fileID: 7514296775407708129}
  m_PrefabAsset: {fileID: 0}
